<record><leader>00000cas a22000007a 4500</leader><controlfield tag="001">13993766</controlfield><controlfield tag="008">860731d187u1876ksuwr ne      0    0eng d</controlfield><datafield ind1=" " ind2=" " tag="010"><subfield code="a">sn 86053607 </subfield></datafield><datafield ind1=" " ind2=" " tag="040"><subfield code="a">NPX</subfield><subfield code="b">eng</subfield><subfield code="c">NPX</subfield><subfield code="d">NPT</subfield><subfield code="d">OCLCQ</subfield></datafield><datafield ind1=" " ind2=" " tag="042"><subfield code="a">msc</subfield></datafield><datafield ind1="0" ind2=" " tag="130"><subfield code="a">Beloit gazette (Beloit, Kan. : 1876)</subfield></datafield><datafield ind1="1" ind2="4" tag="245"><subfield code="a">The Beloit gazette.</subfield></datafield><datafield ind1=" " ind2=" " tag="260"><subfield code="a">Beloit, Kan. :</subfield><subfield code="b">J.J. Anderson</subfield></datafield><datafield ind1=" " ind2=" " tag="300"><subfield code="a">v.</subfield></datafield><datafield ind1=" " ind2=" " tag="310"><subfield code="a">Weekly</subfield></datafield><datafield ind1="1" ind2=" " tag="362"><subfield code="a">Ceased in 1876.</subfield></datafield><datafield ind1=" " ind2=" " tag="500"><subfield code="a">Editor: George W. Anderson, &lt;1876&gt;.</subfield></datafield><datafield ind1=" " ind2=" " tag="588"><subfield code="a">Description based on: Vol. 4, no. 8 (July 9, 1875).</subfield></datafield><datafield ind1=" " ind2=" " tag="752"><subfield code="a">United States</subfield><subfield code="b">Kansas</subfield><subfield code="c">Mitchell</subfield><subfield code="d">Beloit.</subfield></datafield><datafield ind1="0" ind2="0" tag="780"><subfield code="t">Beloit weekly gazette</subfield><subfield code="w">(DLC)sn 85030338</subfield></datafield><datafield ind1="0" ind2="0" tag="785"><subfield code="t">Gazette (Beloit, Kan.)</subfield><subfield code="w">(DLC)sn 85030337</subfield></datafield><datafield ind1="1" ind2=" " tag="029"><subfield code="a">AU@</subfield><subfield code="b">000025792405</subfield></datafield></record>